@string{CVPR="CVPR"}
@string{ICCV="ICCV"}
@string{ECCV="ECCV"}
@string{PAMI="PAMI"}
@string{IJCV="IJCV"}
@string{CVIU="CVIU"}
@string{IJCAI="IJCAI"}
@string{TOG="ToG"}
@string{ICRA="ICRA"}
@string{IROS="IROS"}
@string{ISMAR="ISMAR"}
@string{IJRR="IJRR"}
@string{IVC="IVC"}


@INPROCEEDINGS{Song_Chandraker_2015,
   author = {Shiyu Song and Manmohan Chandraker},
   title = {Joint {S}{F}{M} and Detection Cues for Monocular 3{D} Localization in Road Scenes},
   booktitle = CVPR,
   pages = {3734--3742},
   year = {2015},
}

@INPROCEEDINGS{Song_Chandraker_2014,
   author = {Shiyu Song and Manmohan Chandraker},
   title = {Robust Scale Estimation in Real-Time Monocular {S}{F}{M} for Autonomous Driving},
   booktitle = CVPR,	
   year = {2014},
}

@INPROCEEDINGS{Song_Chandraker_2013,
   author = {Shiyu Song and Manmohan Chandraker and Clark Guest},
   title = {Parallel, Real-Time Monocular Visual Odometry},
   booktitle = ICRA,
   pages = {4698--4705},
   year = {2013},
}

@inproceedings{Brox_Malik_2010,
 author = {Brox, Thomas and Malik, Jitendra},
 title = {Object Segmentation by Long Term Analysis of Point Trajectories},
 booktitle = ECCV,
 year = {2010}, 
} 

@INPROCEEDINGS{Tron_Vidal_2007,
author={Tron, R. and Vidal, R.},
title={A Benchmark for the Comparison of 3{D} Motion Segmentation Algorithms},
booktitle=CVPR,
year={2007},
pages={1-8},
}

@INPROCEEDINGS{Geiger_etal_2012,
   author = {Andreas Geiger and Philip Lenz and Raquel Urtasun},
   title = {Are we ready for Autonomous Driving? {T}he {K}{I}{T}{T}{I} Vision Benchmark Suite},
   booktitle = CVPR,
   pages={3354-3361},
   year = {2012}
}

@article{Wojek_etal_2013,
author = {Christian Wojek and Stefan Walk and Stefan Roth and Konrad Schindler and Bernt Schiele},
title = {Monocular Visual Scene Understanding: Understanding Multi-Object Traffic Scenes},
journal = {IEEE Transactions on Pattern Analysis and Machine Intelligence},
volume = {35},
number = {4},
year = {2013},
pages = {882-897},
}

@ARTICLE{Ess_etal_2009,
author={Ess, A. and Leibe, B. and Schindler, K. and Van Gool, L.},
title={Robust Multiperson Tracking from a Mobile Platform},
journal=PAMI,
year={2009},
volume={31},
number={10},
pages={1831-1846},
}

@inproceedings{Hsiao_Herbert_2012,
  author = {Hsiao, Edward and Hebert, Martial},
  title = {Occlusion Reasoning for Object Detection under Arbitrary Viewpoint},
  booktitle = CVPR,
  pages={3146-3153}, 
  year = {2012},
}

@INPROCEEDINGS{Kwak_etal_2012,
author={Suha Kwak and Woonhyun Nam and Bohyung Han and Joon Hee Han},
title={Learning Occlusion with Likelihoods for Visual Tracking},
booktitle=ICCV,
year={2011},
pages={1551-1558},
}

@article{Wu_Nevatia_2007,
author={Wu, Bo and Nevatia, Ram},
title={Detection and Tracking of Multiple, Partially Occluded Humans by Bayesian Combination of Edgelet based Part Detectors},
journal={International Journal of Computer Vision},
volume={75},
number={2},
year={2007},
pages={247-266},
}

@article{ma2003point,
  title={Point inversion and projection for NURBS curve and surface: control polygon approach},
  author={Ma, Ying Liang and Hewitt, W Terry},
  journal={Computer Aided Geometric Design},
  volume={20},
  number={2},
  pages={79--99},
  year={2003},
  publisher={Elsevier}
}

@inproceedings{chen2007improved,
  title={Improved Algebraic Algorithm on Point projection for B\'{e}zier Curves},
  author={Chen, Xiao-Diao and Zhou, Yin and Shu, Zhenyu and Su, Hua and Paul, J-C},
  booktitle={IMSCCS},
  pages={158--163},
  year={2007},
}

@inproceedings{yao2012describing,
  title={Describing the scene as a whole: Joint object detection, scene classification and semantic segmentation},
  author={Yao, Jian and Fidler, Sanja and Urtasun, Raquel},
  booktitle={Computer Vision and Pattern Recognition (CVPR), 2012 IEEE Conference on},
  pages={702--709},
  year={2012},
  organization={IEEE}
}

@ARTICLE{Milan_etal_2014,
author={Milan, A. and Roth, S. and Schindler, K.},
title={Continuous Energy Minimization for Multitarget Tracking},
journal={IEEE Transactions on Pattern Analysis and Machine Intelligence},
year={2014},
volume={36},
number={1},
pages={58-72},
}

@inproceedings{Gao_etal_2011,
 author = {Tianshi Gao and Packer, B. and Koller, D.},
 title = {A Segmentation-aware Object Detection Model with Occlusion Handling},
 booktitle = CVPR,
 year = {2011},
 pages = {1361--1368},
} 

@inproceedings{Xiang_Savarese_2013,
 author = {Xiang, Yu and Savarese, Silvio},
 title = {Object Detection by 3{D} Aspectlets and Occlusion Reasoning},
 booktitle = {ICCV Workshops},
 year = {2013},
 pages = {530--537},
} 

@INPROCEEDINGS{Pepik_etal_2013,
author={Pepik, B. and Stark, M. and Gehler, P. and Schiele, B.},
title={Occlusion Patterns for Object Class Detection},
booktitle=CVPR,
year={2013},
pages={3286-3293},
}

@INPROCEEDINGS{Zia_etal_2013,
author={Zia, M.Z. and Stark, M. and Schindler, K.},
title={Explicit Occlusion Modeling for 3{D} Object Class Representations},
booktitle=CVPR,
year={2013},
pages={3326-3333},
}

@InProceedings{KleinMurray2007,
  title={Parallel Tracking and Mapping for Small {A}{R} Workspaces},
  author={Georg Klein and David Murray},
  booktitle=ISMAR,
  year={2007}
}

@InProceedings{KleinMurray2008,
  title={Improving the Agility of Keyframe-based {S}{L}{A}{M}},
  author={Georg Klein and David Murray},
  booktitle=ECCV,
  year={2008}
}


@inproceedings{Choi_Savarese_2010,
 author = {Choi, Wongun and Savarese, Silvio},
 title = {Multi-target tracking in world coordinate with single, minimally calibrated camera},
 booktitle = ECCV,
 year = {2010},
 pages = {553--567},
}

@ARTICLE{Kalal_etal_2012,
author={Kalal, Z. and Mikolajczyk, K. and Matas, J.},
title={Tracking-Learning-Detection},
journal=PAMI,
year={2012},
volume={34},
number={7},
pages={1409-1422},
}

@article{Ozden_etal_2010,
author = {Kemal Egemen Ozden and Konrad Schindler and Luc Van Gool},
title = {Multibody Structure-from-Motion in Practice},
journal = {IEEE Transactions on Pattern Analysis and Machine Intelligence},
volume = {32},
number = {6},
year = {2010},
pages = {1134-1141},
}

@INPROCEEDINGS{Ozden_etal_2007,
author={Ozden, K.E. and Schindler, K. and Van Gool, L.},
title={Simultaneous Segmentation and {3D} Reconstruction of Monocular Image Sequences},
booktitle=ICCV,
year={2007},
pages={1-8},
}

@inproceedings{Kundu_etal_2011,
 author = {Kundu, Abhijit and Krishna, K Madhava and Jawahar, C. V.},
 title = {Realtime multibody visual {S}{L}{A}{M} with a smoothly moving monocular camera},
 booktitle = ICCV,
 year = {2011},
 pages = {2080--2087},
}

@article{Rao_etal_2010,
 author = {Rao, Shankar R. and Yang, Allen Y. and Sastry, S. Shankar and Ma, Yi},
 title = {Robust Algebraic Segmentation of Mixed Rigid-Body and Planar Motions from Two Views},
 journal = {IJCV},
 year = {2010},
}

@InProceedings{Dubbelman_Groen_2009,
  author = {Gijs Dubbelman and Frans Groen},
  title = {Bias Reduction for Stereo Motion Estimation with Applications to Large Scale Visual Odometry},
  booktitle = CVPR,
  year = {2009},
}

@article{Zappella_etal_2013,
 author = {Zappella, Luca and Del Bue, Alessio and Llad\'{o}, Xavier and Salvi, Joaquim},
 title = {Joint estimation of segmentation and structure from motion},
 journal = CVIU,
 volume = {117},
 number = {2},
 year = {2013},
 pages = {113--129},
}

@INPROCEEDINGS{Lategahn_etal2011,
 author = {Henning Lategahn and Andreas Geiger and Bernd Kitt},
 title = {Visual {S}{L}{A}{M} for Autonomous Ground Vehicles},
 booktitle = ICRA,
 year = {2011}
}

@INPROCEEDINGS{Geiger_etal2011,
 author = {Andreas Geiger and Julius Ziegler and Christoph Stiller},
 title = {Stereo{S}can: Dense 3{D} Reconstruction in Real-time},
 booktitle = {IEEE Int. Veh. Symp.},
 year = {2011}
}

@INPROCEEDINGS{Slesareva_etal_2005,
author={Slesareva, Natalia and Bruhn, Andr\'{e}s and Weickert, Joachim},
title={Optic Flow Goes Stereo: A Variational Method for Estimating Discontinuity-Preserving Dense Disparity Maps},
year={2005},
booktitle={Pattern Recognition (DAGM)},
pages={33-40},
}

@InProceedings{Zia_etal_2014,
author = {Zia, Muhammad and Stark, Michael and Schindler, Konrad},
title = {Are Cars Just 3{D} Boxes? - {J}ointly Estimating the 3{D} Shape of Multiple Objects},
booktitle = CVPR,
pages={3678-3685},
year = {2014}
}

@InProceedings{Fidler_etal_2012,
    author = {Sanja Fidler and Sven Dickinson and Raquel Urtasun},
    title = {3{D} Object Detection and Viewpoint Estimation with a Deformable 3{D} Cuboid Model},
    booktitle = {NIPS},
    year = {2012}
}

@InProceedings{Pepik_etal_2012,
  title={{3D2PM} -- {3D} Deformable Part Models},
  author={Pepik, Bojan and Gehler, Peter and Stark, Michael and Schiele, Bernt},
  booktitle=ECCV,
  pages={356--370},
  year={2012},
}

@INPROCEEDINGS{Lategahn_etal2011,
 author = {Henning Lategahn and Andreas Geiger and Bernd Kitt},
 title = {Visual {S}{L}{A}{M} for Autonomous Ground Vehicles},
 booktitle = ICRA,
 year = {2011}
}

@article{Felzenszwalb_etal_2010,
author = {Pedro F. Felzenszwalb and Ross B. Girshick and David McAllester and Deva Ramanan},
title = {Object Detection with Discriminatively Trained Part-Based Models},
journal ={IEEE Transactions on Pattern Analysis and Machine Intelligence},
volume = {32},
number = {9},
year = {2010},
pages = {1627-1645},
}

@INPROCEEDINGS{ShiTomasi1994,
   author = {Jianbo Shi and Carlo Tomasi},
   title = {Good Features to Track},
   booktitle = CVPR,
   pages = {593--600},
   year = {1994}
}

@article{Kummerle_etal2009,
 author = {K\"{u}mmerle, Rainer and Steder, Bastian and Dornhege, Christian and Ruhnke, Michael and Grisetti, Giorgio and Stachniss, Cyrill and Kleiner, Alexander},
 title = {On measuring the accuracy of {S}{L}{A}{M} algorithms},
 journal = {Autonomous Robots},
 volume = {27},
 number = {4},
 year = {2009},
 pages = {387--407}
}

@article{Williams_etal2009,
 author = {Williams, Brian and Cummins, Mark and Neira, Jos{\'e} and Newman, Paul and Reid, Ian and Tard\'{o}s, Juan},
 title = {A comparison of loop closing techniques in monocular SLAM},
 journal = {Robot. and Auton. Sys.},
 volume = {57},
 number = {12},
 year = {2009},
 pages = {1188--1197}
}


@ARTICLE{Oliensis2005,
    author = {John Oliensis},
    title = {The least-squares error for structure from infinitesimal motion},
    journal = IJCV,
    year = {2005},
    volume = {61},
    number = {3},
    pages = {259--299}
}

@article{Lowe2004,
 author = {Lowe, David G.},
 title = {Distinctive Image Features from Scale-Invariant Keypoints},
 journal = IJCV,
 volume = {60},
 number = {2},
 year = {2004},
 pages = {91--110}
}


@article{LourakisArgyros2009,
    author="M.I. A. Lourakis and A.A. Argyros",
    title="{{SBA}: {A} Software Package for Generic Sparse Bundle Adjustment}",
    journal="ACM Trans. Math. Soft.",
    volume="36",
    number="1",
    year="2009",
    pages="1-30",
}


@article{Rosten_etal2010,
    author      =    {Edward Rosten and Reid Porter and Tom Drummond},
    title       =    {{FASTER} and better: A machine learning approach to corner detection},
    year        =    {2010},
    journal     =    PAMI,
    pages       =    {105--119},
    volume      =    {32}
}

@INPROCEEDINGS{Rublee_etal2011,
author={Rublee, E. and Rabaud, V. and Konolige, K. and Bradski, G.},
title={{O}{R}{B}: {A}n Efficient Alternative to {S}{I}{F}{T} or {S}{U}{R}{F}},
booktitle=ICCV,
year={2011},
pages={2564 -2571}
}

@article{Lepetit_etal2009,
 author = {Lepetit, Vincent and Moreno-Noguer, Francesc and Fua, Pascal},
 title = {{E}{P}n{P}: An Accurate {O}(n) Solution to the {P}n{P} Problem},
 journal = IJCV,
 volume = {81},
 number = {2},
 year = {2009},
 pages = {155--166}
}

@inproceedings{muja_flann_2009,
  author    = {Marius Muja and David G. Lowe},
  title     = {Fast Approximate Nearest Neighbors with Automatic Algorithm Configuration},
  booktitle = {VISSAPP},
  publisher = {INSTICC Press},
  year      = {2009},
  pages     = {331-340}
}

@InProceedings{Clipp_etal2010,
            author = {Brian Clipp and Jongwoo Lim and Jan-Michael Frahm and Marc Pollefeys},
            title = {Parallel, Real-Time Visual {S}{L}{A}{M}},
            booktitle = IROS,
            pages= {3961--3968},
            year = {2010}
}

@article{Davison_etal2007,
 author = {Davison, Andrew J. and Reid, Ian D. and Molton, Nicholas D. and Stasse, Olivier},
 title = {Mono{S}{L}{A}{M}: Real-Time Single Camera {S}{L}{A}{M}},
 journal = PAMI,
 volume = {29},
 number = {6},
 year = {2007},
 pages = {1052--1067}
}

@INPROCEEDINGS{Nister_etal2004,
    author = {David Nist{\'e}r and Oleg Naroditsky and James Bergen},
    title = {Visual Odometry},
    booktitle=CVPR,
    year = {2004},
    pages = {652--659}
}

@article{Nister2004,
 author = {Nist{\'e}r, David},
 title = {An Efficient Solution to the Five-Point Relative Pose Problem},
 journal = PAMI,
 volume = {26},
 number = {6},
 year = {2004},
 pages = {756--777}
}

@INPROCEEDINGS{Nister2004, 
author={Nister, D. and Naroditsky, O. and Bergen, J.}, 
booktitle={CVPR}, 
title={Visual odometry}, 
year={2004}, 
month={June}, 
volume={1}, 
pages={I-652-I-659 Vol.1}, 
ISSN={1063-6919},
}

@INPROCEEDINGS{Olson_etal2001,
author={Olson, C.F. and Matthies, L.H. and Schoppers, M. and Maimone, M.W.},
title={Stereo ego-motion improvements for robust rover navigation},
booktitle=ICRA,
year={2001},
volume={2},
pages={ 1099--1104},
}

@Book{HartleyZisserman2000,
    author = {Richard I. Hartley and Andrew Zisserman},
    title = {Multiple View Geometry in Computer Vision},
    year = {2000},
    publisher = {Cambridge University Press}
}

@Book{Weng_etal1993,
    author = {Juyang Weng and Thomas S. Huang and Narendra Ahuja},
    title = {Motion and Structure from Image Sequences},
    year = {1993},
    publisher = {Springer Series in Information Sciences}
}

@inproceedings{Strasdat_etal2010,
  author = {Strasdat, Hauke and Montiel, J. M. M. and Davison, Andrew J.},
  title = {Scale Drift-Aware Large Scale Monocular {SLAM}},
  booktitle = {Robotics: Science and Systems},
  year = {2010}
}

@INPROCEEDINGS{Royer_etal2005,
    author = {Eric Royer and Jonathan Bom and Michel Dhome and Benoit Thuilot and Maxime Lhuillier and François Marmoiton},
    title = {Outdoor Autonomous Navigation Using Monocular Vision},
    booktitle = IROS,
    year = {2005},
    pages = {3395--3400}
}

@inproceedings{Scaramuzza_etal_ICRA2009,
 author = {Scaramuzza, Davide and Fraundorfer, Friedrich and Siegwart, Roland},
 title = {Real-time monocular visual odometry for on-road vehicles with 1-point RANSAC},
 booktitle = ICRA,
 year = {2009},
 pages = {488--494}
}

@INPROCEEDINGS{Scaramuzza_etal_2009,
author={Scaramuzza, D. and Fraundorfer, F. and Pollefeys, M. and Siegwart, R.},
booktitle=ICCV,
title={Absolute scale in structure from motion from a single vehicle mounted camera by exploiting nonholonomic constraints},
year={2009},
pages={1413-1419},
}

@ARTICLE{Scaramuzza_Siegwart_2008,
author={Scaramuzza, D. and Siegwart, R.},
title={Appearance-Guided Monocular Omnidirectional Visual Odometry for Outdoor Ground Vehicles},
journal={IEEE Trans. Robotics},
year={2008},
volume={24},
number={5},
pages={1015-1026},
}

@INPROCEEDINGS{Tardif_etal2008,
    author = {Jean-Philippe Tardif and Yanis Pavlidis and Kostas Daniilidis},
    title = {Monocular visual odometry in urban environments using an omnidirectional camera},
    booktitle = IROS,
    year = {2008}
}

@article{Ahn_etal2008,
 author = {Ahn, Sunghwan and Choi, Jinwoo and Doh, Nakju Lett and Chung, Wan Kyun},
 title = {A practical approach for {EKF-SLAM} in an indoor environment: fusing ultrasonic sensors and stereo camera},
 journal = {Autonomous Robots},
 volume = {24},
 number = {3},
 year = {2008},
 pages = {315--335}
}

@InProceedings{Endres_etal2012,
author={F. Endres and J. Hess and N. Engelhard and J. Sturm and D. Cremers and W. Burgard},
title={An Evaluation of the {RGB-D SLAM} System},
booktitle = ICRA,
year={2012},
}

@inproceedings{Hansen_etal2011,
   author = "Peter Hansen and Hatem Said Alismail and Peter Rander and Brett Browning",
   title = "Monocular visual odometry for robot localization in {LNG} pipes",
   booktitle = ICRA,
   year = "2011"
}

@inproceedings{Sundaram2010,
author={Sundaram, Narayanan and Brox, Thomas and Keutzer, Kurt},
title={Dense Point Trajectories by {G}{P}{U}-Accelerated Large Displacement Optical Flow},
booktitle={ECCV},
year={2010},
pages={438-451}
}

@INPROCEEDINGS{Kerl2013,
author={Kerl, C. and Sturm, J. and Cremers, D.},
booktitle={ICRA},
title={Robust odometry estimation for {R}{G}{B}-{D} cameras},
year={2013},
pages={3748-3754},
}

@article{Lepetit2009,
author = "V. Lepetit and F.Moreno-Noguer and P.Fua",
title = "EPnP: An Accurate O(n) Solution to the PnP Problem",
journal = "International Journal Computer Vision",
volume = "81",
number = "2",
year = "2009",
}

@Article{Zia2015,
author="Zia, M. Zeeshan and Stark, Michael and Schindler, Konrad",
title="Towards Scene Understanding with Detailed 3D Object Representations",
journal="International Journal of Computer Vision",
year="2014",
volume="112",
number="2",
pages="188--203",
issn="1573-1405",
doi="10.1007/s11263-014-0780-y",
url="http://dx.doi.org/10.1007/s11263-014-0780-y"
}

@INPROCEEDINGS{Zach2007,
title={A Duality Based Approach for Realtime {T}{V}-{L}1 Optical Flow},
booktitle={DAGM on Pattern Recognition},
year={2007},
author={Zach, C. and Pock, T. and Bischof, H.},
pages={214-223}
}

@ARTICLE{Geiger_etal_2014,
author={Geiger, A. and Lauer, M. and Wojek, C. and Stiller, C. and Urtasun, R.},
title={3{D} Traffic Scene Understanding From Movable Platforms},
journal={IEEE Transactions on Pattern Analysis and Machine Intelligence},
year={2014},
month={May},
volume={36},
number={5},
pages={1012-1025},
}


@INPROCEEDINGS{Engel2013, 
author={Engel, Jakob and Sturm, Jurgen and Cremers, Daniel}, 
booktitle={ICCV}, 
title={Semi-dense Visual Odometry for a Monocular Camera}, 
year={2013}, 
month={Dec}, 
pages={1449-1456},
doi={10.1109/ICCV.2013.183}, 
ISSN={1550-5499},
}

 @inproceedings{Bbibbyrss07,
  author = {C. Bibby and I. Reid},
  title = {Simultaneous Localisation and Mapping in Dynamic Environments {(SLAMIDE)} with Reversible Data Association},
  booktitle={Proceedings of Robotics Science and Systems},
  year = "2007",
 }
 
 @INPROCEEDINGS{Hahnel2003, 
 author={Hahnel, D. and Triebel, R. and Burgard, W. and Thrun, S.}, 
 booktitle={ICRA}, 
 title={Map building with mobile robots in dynamic environments}, 
 year={2003}, 
 month={Sept}, 
 volume={2}, 
 pages={1557-1563}, 
 doi={10.1109/ROBOT.2003.1241816}, 
 ISSN={1050-4729},}
 
 @article{Wang_2007,
    author = "Chieh-Chih Wang and Chuck Thorpe and Martial Hebert and Sebastian Thrun and H. Durrant-Whyte",
    title = "Simultaneous Localization, Mapping and Moving Object Tracking",
    journal = "IJRR",
    month = "June",
    year = "2007",
    volume = "26",
    number = "6",
 }
 
 @INPROCEEDINGS{Li2007, 
 author={Ting Li and Kallem, V. and Singaraju, D. and Vidal, R.}, 
 booktitle={CVPR}, 
 title={Projective Factorization of Multiple Rigid-Body Motions}, 
 year={2007}, 
 pages={1-6}, 
}
 
 @INPROCEEDINGS{Ozden2007, 
 author={Ozden, K.E. and Schindler, K. and Van Gool, L.}, 
 booktitle={ICCV}, 
 title={Simultaneous Segmentation and 3{D} Reconstruction of Monocular Image Sequences}, 
 year={2007}, 
 month={Oct}, 
 pages={1-8},
 ISSN={1550-5499},}
 
 @INPROCEEDINGS{Geiger2011, 
 author={Geiger, A. and Lauer, M. and Urtasun, R.}, 
 booktitle=CVPR, 
 title={A Generative Model for 3{D} Urban Scene Understanding from Movable Platforms}, 
 year={2011}, 
 month={June}, 
 pages={1945-1952},
}
 
 @INPROCEEDINGS{Namdev2012, 
 author={Namdev, R.K. and Kundu, A. and Krishna, K.M. and Jawahar, C.V.}, 
 booktitle={ICRA}, 
 title={Motion segmentation of multiple objects from a freely moving monocular camera}, 
 year={2012}, 
 pages={4092-4099}, 
}

@INPROCEEDINGS{Schindler2006,
author={Schindler, Konrad and U, James and Wang, Hanzi},
title={Perspective n-View Multibody Structure-and-Motion Through Model Selection},
booktitle={ECCV},
volume={3951},
pages={606-619},
year={2006},}

@ARTICLE{Brox2010, 
author={Brox, T. and Rosenhahn, B. and Gall, J. and Cremers, D.}, 
journal={PAMI}, 
title={Combined Region and Motion-Based 3{D} Tracking of Rigid and Articulated Objects}, 
year={2010}, 
month={March}, 
volume={32}, 
number={3}, 
pages={402-415}, 
doi={10.1109/TPAMI.2009.32}, 
ISSN={0162-8828},}

@INPROCEEDINGS{Brox2004,
year={2004},
isbn={978-3-540-21981-1},
booktitle={ECCV},
volume={3024},
editor={Pajdla, Tomás and Matas, Jiří},
doi={10.1007/978-3-540-24673-2_3},
title={High Accuracy Optical Flow Estimation Based on a Theory for Warping},
author={Brox, Thomas and Bruhn, Andrés and Papenberg, Nils and Weickert, Joachim},
pages={25-36}
}

@INPROCEEDINGS{Yamaguchi2013, 
author={Yamaguchi, K. and McAllester, D. and Urtasun, R.}, 
booktitle={CVPR}, 
title={Robust Monocular Epipolar Flow Estimation}, 
year={2013}, 
month={June}, 
pages={1862-1869}, 
doi={10.1109/CVPR.2013.243}, 
ISSN={1063-6919},}

@INPROCEEDINGS{Wedel2008, 
author={Wedel, A. and Pock, T. and Braun, J. and Franke, U. and Cremers, D.}, 
booktitle={IVCNZ}, 
title={Duality TV-L1 flow with fundamental matrix prior}, 
year={2008}, 
month={Nov}, 
pages={1-6},  
doi={10.1109/IVCNZ.2008.4762119},}

@incollection{Valgaerts2008,
year={2008},
isbn={978-3-540-69320-8},
booktitle={Pattern Recognition},
volume={5096},
series={Lecture Notes in Computer Science},
editor={Rigoll, Gerhard},
doi={10.1007/978-3-540-69321-5_32},
title={A Variational Model for the Joint Recovery of the Fundamental Matrix and the Optical Flow},
url={http://dx.doi.org/10.1007/978-3-540-69321-5_32},
publisher={Springer Berlin Heidelberg},
author={Valgaerts, Levi and Bruhn, Andrés and Weickert, Joachim},
pages={314-324}
}

@INPROCEEDINGS{Brox2009, 
author={Brox, T. and Bregler, C. and Malik, J.}, 
booktitle={Computer Vision and Pattern Recognition, 2009. CVPR 2009. IEEE Conference on}, 
title={Large displacement optical flow}, 
year={2009}, 
month={June}, 
pages={41-48}, 
doi={10.1109/CVPR.2009.5206697}, 
ISSN={1063-6919},}


@article{geiger2013vision,
  title={Vision meets robotics: The kitti dataset},
  author={Geiger, Andreas and Lenz, Philip and Stiller, Christoph and Urtasun, Raquel},
  journal={The International Journal of Robotics Research},
  pages={0278364913491297},
  year={2013},
  publisher={Sage Publications}
}

@article{chow1968approximating,
  title={Approximating discrete probability distributions with dependence trees},
  author={Chow, C and Liu, C},
  journal={IEEE Transactions on Information Theory},
  volume={14},
  number={3},
  pages={462--467},
  year={1968},
  publisher={IEEE}
}
@incollection{mackay1998introduction,
    title = {Introduction to monte carlo methods},
    author = {MacKay, David JC},
    booktitle = {Learning in graphical models},
    pages = {175--204},
    year = {1998},
    publisher = {Springer}
}

@INPROCEEDINGS{Vidal03,
author={Vidal, R. and Yi Ma and Sastry, S.},
booktitle={CVPR},
title={Generalized principal component analysis (GPCA)},
year={2003},
pages={621-628}
}

@INPROCEEDINGS{Vidal04,
author={Vidal, R. and Hartley, R.},
booktitle={CVPR},
title={Motion segmentation with missing data using PowerFactorization and GPCA},
year={2004},
pages={310-316},
}

@article{Costeria98,
year={1998},
issn={0920-5691},
journal={International Journal of Computer Vision},
volume={29},
number={3},
doi={10.1023/A:1008000628999},
title={A Multibody Factorization Method for Independently Moving Objects},
author={Costeira, JoãoPaulo and Kanade, Takeo},
pages={159-179}
}

@INPROCEEDINGS{Kanatani01,
author={Kanatani, K.},
booktitle={ICCV},
title={Motion segmentation by subspace separation and model selection},
year={2001},
pages={586-591},
}

@INPROCEEDINGS{Gruber04,
author={Gruber, A. and Weiss, Y.},
booktitle={CVPR},
title={Multibody factorization with uncertainty and missing data using the EM algorithm},
year={2004},
pages={707-714},
}

@INPROCEEDINGS{Rao08,
author={Rao, S.R. and Tron, R. and Vidal, R. and Yi Ma},
booktitle={CVPR},
title={Motion segmentation via robust subspace separation in the presence of outlying, incomplete, or corrupted trajectories},
year={2008},
pages={1-8},
}

@INPROCEEDINGS{Goh07,
author={Goh, A. and Vidal, R.},
booktitle={CVPR},
title={Segmenting Motions of Different Types by Unsupervised Manifold Clustering},
year={2007},
pages={1-6},
}

@InProceedings{Yan06,
author={Yan, Jingyu and Pollefeys, Marc},
year={2006},
booktitle={ECCV},
title={A General Framework for Motion Segmentation: Independent, Articulated, Rigid, Non-rigid, Degenerate and Non-degenerate},
pages={94-106}
}

@inproceedings{Rhodin2015,
	author = {Rhodin, Helge and Robertini, Nadia and Richardt, Christian and Seidel, Hans-Peter and Theobalt, Christian},
	title = {A Versatile Scene Model with Differentiable Visibility Applied to Generative Pose Estimation},
	booktitle = {ICCV},
	year = {2015},
	pages={765-773}
}

@inproceedings{katz2015visibility,
  title={On the Visibility of Point Clouds},
  author={Katz, Sagi and Tal, Ayellet},
  booktitle={Proceedings of the IEEE International Conference on Computer Vision},
  pages={1350--1358},
  year={2015}
}
